@article{Lau2002,
author = {Lau, Nuno and Pereira, Artur and Melo, Andreia},
file = {:home/pontes/Documents/ROBO/ciberRato2002.pdf:pdf},
journal = {Revista do DETUA},
number = {6},
pages = {5--8},
title = {{Ciber-rato: Um ambiente de simula\c{c}ao de robots m\'{o}veis e aut\'{o}nomos}},
url = {http://svn.xp-dev.com/svn/lablic-disciplina/CSI 6p - Intelig Artificial/2 Laboratorio/Trab 1/material de apoio/CiberRato papers e agente/1 ciberRato2002.pdf},
volume = {1},
year = {2002}
}
@article{DepartamentodeElectronica2011,
author = {{Departamento de Electr\'{o}nica}, Telecomunica\c{c}\~{o}es e Inform\'{a}tica and de Aveiro, Universidade},
file = {:home/pontes/Documents/ROBO/RegrasCiberRato2011\_EN.pdf:pdf},
title = {{CiberRato 2011 Rules and Technical Specifications}},
year = {2011}
}
@article{Brooks_1986, title={A robust layered control system for a mobile robot}, volume={2}, url={http://ieeexplore.ieee.org/xpls/abs_all.jsp?arnumber=1087032}, number={1}, journal={IEEE Journal of Robotics and Automation}, publisher={IEEE}, author={Brooks, R}, year={1986}, pages={14--23}}

@misc{Pathel2012,
author = {Pathel, Amit},
title = {{A* Pages}},
url = {http://theory.stanford.edu/~amitp/GameProgramming/},
urldate = {29/12/12},
year = {2012}
}